% -*- coding: utf-8 -*-

@article{Deepbelief,
  title={Deep belief nets for natural language call-routing},
  author={R Sarikaya and GE Hinton and B Ramabhadran},
  conference={IEEE International Conference on Acoustics, Speech and Signal Processing},
  volume={125},
  pages={5680-5683},
  year={2011},
}

@article{SVM,
  title={Optimizing SVMs for complex call classification},
  author={Haffner P and  Tur G and Wright J H},
  conference={IEEE International Conference on Acoustics, Speech, and Signal Processing},
  volume={1},
  pages={632,635},
  year={2003},
}

